<?xml version="1.0" encoding="UTF-8"?><record xmlns="http://www.loc.gov/MARC21/slim" xmlns:cinclude="http://apache.org/cocoon/include/1.0" xmlns:zs="http://www.loc.gov/zing/srw/">
  <leader>00440nz  a2200133n  4500</leader>
  <controlfield tag="001">n 2012210527</controlfield>
  <controlfield tag="003">DLC</controlfield>
  <controlfield tag="005">20120724074900.0</controlfield>
  <controlfield tag="008">120723n| acannaabn          |a aaa      </controlfield>
  <datafield tag="010" ind1=" " ind2=" ">
    <subfield code="a">n 2012210527</subfield>
  </datafield>
  <datafield tag="040" ind1=" " ind2=" ">
    <subfield code="a">DLC</subfield>
    <subfield code="b">eng</subfield>
    <subfield code="c">DLC</subfield>
  </datafield>
  <datafield tag="100" ind1="0" ind2=" ">
    <subfield code="a">Syofiardi Bachyul Jb.,</subfield>
    <subfield code="d">1970-</subfield>
  </datafield>
  <datafield tag="400" ind1="1" ind2=" ">
    <subfield code="a">Jb., Syofiardi Bachyul,</subfield>
    <subfield code="d">1970-</subfield>
  </datafield>
  <datafield tag="670" ind1=" " ind2=" ">
    <subfield code="a">Mematuhi etik menjaga kebebasan pers, 2012:</subfield>
    <subfield code="b">t.p. (Syofiardi Bachyul Jb.) p. 103 (b. June 24, 1970 in Jambi; a journalist)</subfield>
  </datafield>
</record>